@Book{PlanetMath,
  title  = {The Planet Math},
  publisher = {\\ \url{http://planetmath.org/encyclopedia/Sphere.html}}
}

@Book{MathMcMaster,
  author    = {Department of Mathematics \& Statistics},
  title     = {McMaster University},
  publisher = {\\ \url{http://www.math.mcmaster.ca/~spiro/teaching/hypersphere.pdf}}
}

@Book{GN2006,
  title     = {Computational Physics},
  author    = {N. Giordano and H. Nakanishi},
  year      = {2006},
  publisher = {Pearson Prentice Hall},
  address   = {Upper Saddle River, NJ, USA}
}

@Book{Taylor,
  title     = {Classical Mechanics},
  author    = {John R. Taylor},
  year      = {2005},
  publisher = {University Science Books}
}

@Book{Arfken,
  title     = {Mathematical Methods for Physicists},
  author    = {George Arfken},
  year      = {1970},
  publisher = {Academic Press}
}

@Article{WC1953,
  author  = {J. D. Watson and F. H. C. Crick},
  title   = {Molecular structure of Nucleic Acids: 
            A structure for deoxyribose nucleic acid},
  journal = {Nature},
  year    = {1953},
  volume  = {171},
  pages   = {737}
}

@Article{EPR1935,
  author  = {A. Einstein and B. Podolsky and N. Rosen},
  title   = {Can Quantum-Mechanical Description of Physical 
            Reality Be Considered Complete?},
  journal = {Phys. Rev. B},
  year    = {1935},
  volume  = {47},
  pages   = {777}
}

@Book{PollackStump,
  author    = {G. Pollack and D. Stump},
  title     = {Electromagnetism},
  year      = {2001},
  publisher = {Addison Wesley},
  address   = {Upper Saddle River, NJ, USA}
}

@Book{GriffithsEM,
  author    = {David J. Griffiths},
  title     = {Introduction to Electrodynamics},
  edition   = {$3^{rd}$},
  year      = {1999},
  publisher = {Adison Wesley},
  address   = {Upper Saddle River, NJ, USA}
}

@misc{Gowtham,
  author    = {S. Gowtham},
  title     = {Final Project - Shooting The Moon/Apollo 13},
  institution = {Michigan Technological University},
  note      = {MTU Physics Department},
  year      = {2010},
  month     = {Fall}
} 
